% 首篇使用 encoder-decoder NMT system
@inproceedings{sutskever2014sequence,
  title     = {Sequence to sequence learning with neural networks},
  author    = {Sutskever, Ilya and Vinyals, Oriol and Le, Quoc VV},
  booktitle = {Advances in Neural Information Processing Systems},
  pages     = {3104--3112},
  year      = {2014}
}

% 首篇使用 encoder-decoder NMT system
@article{cho2014learning,
  title   = {Learning Phrase Representations using RNN Encoder-Decoder for Statistical Machine Translation},
  author  = {Cho, Kyunghyun and van Merrienboer, Bart and Gulcehre, Caglar and Bougares, Fethi and Schwenk, Holger and Bengio, Yoshua},
  journal = {arXiv preprint arXiv:1406.1078},
  year    = {2014}
}

% 首篇使用 attention-based NMT system
@article{bahdanau2014neural,
  title   = {Neural machine translation by jointly learning to align and translate},
  author  = {Bahdanau, Dzmitry and Cho, Kyunghyun and Bengio, Yoshua},
  journal = {arXiv preprint arXiv:1409.0473},
  year    = {2014}
}

% Attention is all you need
@inproceedings{NIPS2017_3f5ee243,
  author    = {Vaswani, Ashish and Shazeer, Noam and Parmar, Niki and Uszkoreit, Jakob and Jones, Llion and Gomez, Aidan N and Kaiser, \L ukasz and Polosukhin, Illia},
  booktitle = {Advances in Neural Information Processing Systems},
  editor    = {I. Guyon and U. V. Luxburg and S. Bengio and H. Wallach and R. Fergus and S. Vishwanathan and R. Garnett},
  pages     = {},
  publisher = {Curran Associates, Inc.},
  title     = {Attention is All you Need},
  url       = {https://proceedings.neurips.cc/paper/2017/file/3f5ee243547dee91fbd053c1c4a845aa-Paper.pdf},
  volume    = {30},
  year      = {2017}
}

% BPE
@inproceedings{sennrich_neural_2016,
  address   = {Berlin, Germany},
  title     = {Neural {Machine} {Translation} of {Rare} {Words} with {Subword} {Units}},
  url       = {http://aclweb.org/anthology/P16-1162},
  doi       = {10.18653/v1/P16-1162},
  language  = {en},
  urldate   = {2021-06-07},
  booktitle = {Proceedings of the 54th {Annual} {Meeting} of the {Association} for {Computational} {Linguistics} ({Volume} 1: {Long} {Papers})},
  publisher = {Association for Computational Linguistics},
  author    = {Sennrich, Rico and Haddow, Barry and Birch, Alexandra},
  year      = {2016},
  pages     = {1715--1725}
}

% Unigram
@inproceedings{kudo-2018-subword,
  title     = {Subword Regularization: Improving Neural Network Translation Models with Multiple Subword Candidates},
  author    = {Kudo, Taku},
  booktitle = {Proceedings of the 56th Annual Meeting of the Association for Computational Linguistics (Volume 1: Long Papers)},
  month     = jul,
  year      = {2018},
  address   = {Melbourne, Australia},
  publisher = {Association for Computational Linguistics},
  url       = {https://www.aclweb.org/anthology/P18-1007},
  doi       = {10.18653/v1/P18-1007},
  pages     = {66--75}
}

% WordPiece
@inproceedings{6289079,
  author    = {Schuster, Mike and Nakajima, Kaisuke},
  booktitle = {2012 IEEE International Conference on Acoustics, Speech and Signal Processing (ICASSP)},
  title     = {Japanese and Korean voice search},
  year      = {2012},
  volume    = {},
  number    = {},
  pages     = {5149-5152},
  doi       = {10.1109/ICASSP.2012.6289079}
}

% Sentencepiece
@inproceedings{kudo-richardson-2018-sentencepiece,
  title     = {{S}entence{P}iece: A simple and language independent subword tokenizer and detokenizer for Neural Text Processing},
  author    = {Kudo, Taku  and
      Richardson, John},
  booktitle = {Proceedings of the 2018 Conference on Empirical Methods in Natural Language Processing: System Demonstrations},
  month     = nov,
  year      = {2018},
  address   = {Brussels, Belgium},
  publisher = {Association for Computational Linguistics},
  url       = {https://www.aclweb.org/anthology/D18-2012},
  doi       = {10.18653/v1/D18-2012},
  pages     = {66--71},
}

% First embedding concept
@inproceedings{hinton1986learning,
  title        = {Learning distributed representations of concepts},
  author       = {Hinton, Geoffrey E and others},
  booktitle    = {Proceedings of the eighth annual conference of the cognitive science society},
  volume       = {1},
  pages        = {12},
  year         = {1986},
  organization = {Amherst, MA}
}

@article{bengio2003neural,
  title     = {A neural probabilistic language model},
  author    = {Bengio, Yoshua and Ducharme, R{\'e}jean and Vincent, Pascal and Janvin, Christian},
  journal   = {The journal of machine learning research},
  volume    = {3},
  pages     = {1137--1155},
  year      = {2003},
  publisher = {JMLR. org}
}

% word2vec
@article{mikolov2013efficient,
  title={Efficient estimation of word representations in vector space},
  author={Mikolov, Tomas and Chen, Kai and Corrado, Greg and Dean, Jeffrey},
  journal={arXiv preprint arXiv:1301.3781},
  year={2013}
}

@article{mikolov2013distributed,
  title   = {Distributed representations of words and phrases and their compositionality},
  author  = {Mikolov, Tomas and Sutskever, Ilya and Chen, Kai and Corrado, Greg and Dean, Jeffrey},
  journal = {arXiv preprint arXiv:1310.4546},
  year    = {2013}
}

% GloVe
@inproceedings{pennington2014glove,
  author    = {Jeffrey Pennington and Richard Socher and Christopher D. Manning},
  booktitle = {Empirical Methods in Natural Language Processing (EMNLP)},
  title     = {GloVe: Global Vectors for Word Representation},
  year      = {2014},
  pages     = {1532--1543},
  url       = {http://www.aclweb.org/anthology/D14-1162}
}

% fastText

@article{bojanowski2017enriching,
  title   = {Enriching Word Vectors with Subword Information},
  author  = {Bojanowski, Piotr and Grave, Edouard and Joulin, Armand and Mikolov, Tomas},
  journal = {Transactions of the Association for Computational Linguistics},
  volume  = {5},
  year    = {2017},
  issn    = {2307-387X},
  pages   = {135--146}
}

% Elmo
@inproceedings{peters-etal-2018-deep,
  title     = {Deep Contextualized Word Representations},
  author    = {Peters, Matthew E.  and
      Neumann, Mark  and
      Iyyer, Mohit  and
      Gardner, Matt  and
      Clark, Christopher  and
      Lee, Kenton  and
      Zettlemoyer, Luke},
  booktitle = {Proceedings of the 2018 Conference of the North {A}merican Chapter of the Association for Computational Linguistics: Human Language Technologies, Volume 1 (Long Papers)},
  month     = jun,
  year      = {2018},
  address   = {New Orleans, Louisiana},
  publisher = {Association for Computational Linguistics},
  url       = {https://www.aclweb.org/anthology/N18-1202},
  doi       = {10.18653/v1/N18-1202},
  pages     = {2227--2237}
}

% BERT
@inproceedings{devlin-etal-2019-bert,
  title     = {{BERT}: Pre-training of Deep Bidirectional Transformers for Language Understanding},
  author    = {Devlin, Jacob  and
      Chang, Ming-Wei  and
      Lee, Kenton  and
      Toutanova, Kristina},
  booktitle = {Proceedings of the 2019 Conference of the North {A}merican Chapter of the Association for Computational Linguistics: Human Language Technologies, Volume 1 (Long and Short Papers)},
  month     = jun,
  year      = {2019},
  address   = {Minneapolis, Minnesota},
  publisher = {Association for Computational Linguistics},
  url       = {https://www.aclweb.org/anthology/N19-1423},
  doi       = {10.18653/v1/N19-1423},
  pages     = {4171--4186}
}

% back-translation
@inproceedings{sennrich-etal-2016-improving,
  title     = {Improving Neural Machine Translation Models with Monolingual Data},
  author    = {Sennrich, Rico  and
      Haddow, Barry  and
      Birch, Alexandra},
  booktitle = {Proceedings of the 54th Annual Meeting of the Association for Computational Linguistics (Volume 1: Long Papers)},
  month     = aug,
  year      = {2016},
  address   = {Berlin, Germany},
  publisher = {Association for Computational Linguistics},
  url       = {https://www.aclweb.org/anthology/P16-1009},
  doi       = {10.18653/v1/P16-1009},
  pages     = {86--96}
}

% corpus filtering
@inproceedings{koehn2018findings,
  title     = {Findings of the wmt 2018 shared task on parallel corpus filtering},
  author    = {Koehn, Philipp and Khayrallah, Huda and Heafield, Kenneth and Forcada, Mikel L},
  booktitle = {Proceedings of the Third Conference on Machine Translation: Shared Task Papers},
  pages     = {726--739},
  year      = {2018}
}

% zh-ja back-translation
@inproceedings{imamura2018enhancement,
  title     = {Enhancement of encoder and attention using target monolingual corpora in neural machine translation},
  author    = {Imamura, Kenji and Fujita, Atsushi and Sumita, Eiichiro},
  booktitle = {Proceedings of the 2nd Workshop on Neural Machine Translation and Generation},
  pages     = {55--63},
  year      = {2018}
}

% zh-ja corpus filtering
@article{zhang2020parallel,
  title   = {Parallel corpus filtering via pre-trained language models},
  author  = {Zhang, Boliang and Nagesh, Ajay and Knight, Kevin},
  journal = {arXiv preprint arXiv:2005.06166},
  year    = {2020}
}


% zh-ja domain adaptation
@inproceedings{chu2017empirical,
  title     = {An empirical comparison of domain adaptation methods for neural machine translation},
  author    = {Chu, Chenhui and Dabre, Raj and Kurohashi, Sadao},
  booktitle = {Proceedings of the 55th Annual Meeting of the Association for Computational Linguistics (Volume 2: Short Papers)},
  pages     = {385--391},
  year      = {2017}
}

% zh-ja radicals
@inproceedings{8300572,
  author    = {Zhang, Jinyi and Matsumoto, Tadahiro},
  booktitle = {2017 International Conference on Asian Language Processing (IALP)},
  title     = {Improving character-level Japanese-Chinese neural machine translation with radicals as an additional input feature},
  year      = {2017},
  volume    = {},
  number    = {},
  pages     = {172-175},
  doi       = {10.1109/IALP.2017.8300572}
}

% zh-ja ideograph and stroke
@inproceedings{zhang-komachi-2018-neural,
    title = "Neural Machine Translation of Logographic Language Using Sub-character Level Information",
    author = "Zhang, Longtu  and
      Komachi, Mamoru",
    booktitle = "Proceedings of the Third Conference on Machine Translation: Research Papers",
    month = oct,
    year = "2018",
    address = "Brussels, Belgium",
    publisher = "Association for Computational Linguistics",
    url = "https://www.aclweb.org/anthology/W18-6303",
    doi = "10.18653/v1/W18-6303",
    pages = "17--25",
}

% phonetics homophone
@inproceedings{liu-etal-2019-robust,
    title = "Robust Neural Machine Translation with Joint Textual and Phonetic Embedding",
    author = "Liu, Hairong  and
      Ma, Mingbo  and
      Huang, Liang  and
      Xiong, Hao  and
      He, Zhongjun",
    booktitle = "Proceedings of the 57th Annual Meeting of the Association for Computational Linguistics",
    month = jul,
    year = "2019",
    address = "Florence, Italy",
    publisher = "Association for Computational Linguistics",
    url = "https://www.aclweb.org/anthology/P19-1291",
    doi = "10.18653/v1/P19-1291",
    pages = "3044--3049",
}

% phonetic distribution
@article{khan2019diversity,
  title={Diversity by Phonetics and its Application in Neural Machine Translation},
  author={Khan, Abdul Rafae and Xu, Jia},
  journal={arXiv preprint arXiv:1911.04292},
  year={2019}
}

% Chinese Word Embeddings
% CWE
@inproceedings{chen2015joint,
  title={Joint learning of character and word embeddings},
  author={Chen, Xinxiong and Xu, Lei and Liu, Zhiyuan and Sun, Maosong and Luan, Huanbo},
  booktitle={Twenty-Fourth International Joint Conference on Artificial Intelligence},
  year={2015}
}

% MGE
@inproceedings{yin2016multi,
  title={Multi-granularity chinese word embedding},
  author={Yin, Rongchao and Wang, Quan and Li, Peng and Li, Rui and Wang, Bin},
  booktitle={Proceedings of the 2016 conference on empirical methods in natural language processing},
  pages={981--986},
  year={2016}
}

% JWE
@inproceedings{yu2017joint,
  title={Joint embeddings of chinese words, characters, and fine-grained subcharacter components},
  author={Yu, Jinxing and Jian, Xun and Xin, Hao and Song, Yangqiu},
  booktitle={Proceedings of the 2017 Conference on Empirical Methods in Natural Language Processing},
  pages={286--291},
  year={2017}
}

% cw2vec
@inproceedings{cao2018cw2vec,
  title={cw2vec: Learning chinese word embeddings with stroke n-gram information},
  author={Cao, Shaosheng and Lu, Wei and Zhou, Jun and Li, Xiaolong},
  booktitle={Proceedings of the AAAI Conference on Artificial Intelligence},
  number={1},
  year={2018}
}

% Meta-embedding
@inproceedings{coates-bollegala-2018-frustratingly,
    title = "Frustratingly Easy Meta-Embedding {--} Computing Meta-Embeddings by Averaging Source Word Embeddings",
    author = "Coates, Joshua  and
      Bollegala, Danushka",
    booktitle = "Proceedings of the 2018 Conference of the North {A}merican Chapter of the Association for Computational Linguistics: Human Language Technologies, Volume 2 (Short Papers)",
    month = jun,
    year = "2018",
    address = "New Orleans, Louisiana",
    publisher = "Association for Computational Linguistics",
    url = "https://www.aclweb.org/anthology/N18-2031",
    doi = "10.18653/v1/N18-2031",
    pages = "194--198",
}

@inproceedings{kiela-etal-2018-dynamic,
    title = "Dynamic Meta-Embeddings for Improved Sentence Representations",
    author = "Kiela, Douwe  and
      Wang, Changhan  and
      Cho, Kyunghyun",
    booktitle = "Proceedings of the 2018 Conference on Empirical Methods in Natural Language Processing",
    month = oct # "-" # nov,
    year = "2018",
    address = "Brussels, Belgium",
    publisher = "Association for Computational Linguistics",
    url = "https://www.aclweb.org/anthology/D18-1176",
    doi = "10.18653/v1/D18-1176",
    pages = "1466--1477",
}

@article{yin2015learning,
  title={Learning meta-embeddings by using ensembles of embedding sets},
  author={Yin, Wenpeng and Sch{\"u}tze, Hinrich},
  journal={arXiv preprint arXiv:1508.04257},
  year={2015}
}

@article{muromagi2017linear,
  title={Linear ensembles of word embedding models},
  author={Murom{\"a}gi, Avo and Sirts, Kairit and Laur, Sven},
  journal={arXiv preprint arXiv:1704.01419},
  year={2017}
}
